@article{scott1993type,
  title={A type-theoretical alternative to ISWIM, CUCH, OWHY},
  author={Scott, Dana S},
  journal={Theoretical Computer Science},
  volume={121},
  number={1-2},
  pages={411--440},
  year={1993},
}

@article{scott1976data,
  title={Data types as lattices},
  author={Scott, Dana},
  journal={SIAM Journal on computing},
  volume={5},
  number={3},
  pages={522--587},
  year={1976},
}

@incollection{scott1972continuous,
  title={Continuous lattices},
  author={Scott, Dana},
  booktitle={Toposes, algebraic geometry and logic},
  pages={97--136},
  year={1972},
  publisher={Springer}
}

@incollection{scott80relating,
  title={Relating Theories of the Lambda Calculus},
  author={Scott, Dana},
  editors={J.P. Seldin and J.R.Hindley},
  title={To HB Curry: essays on combinatory logic, lambda calculus, and formalism},
  year={1980}
}
@incollection{lambek80lambdaccc,
  title={From Lambda Calculus to Cartesian Closed Categories},
  author={Lambek, Joachim},
  editors={J.P. Seldin and J.R.Hindley},
  title={To HB Curry: essays on combinatory logic, lambda calculus, and formalism},
  year={1980}
}
@book{lambek1988introduction,
  title={Introduction to higher-order categorical logic},
  author={Lambek, Joachim and Scott, Philip J},
  volume={7},
  year={1988},
  publisher={Cambridge University Press}
}
@inproceedings{findler2002contracts,
  title={Contracts for higher-order functions},
  author={Findler, Robert Bruce and Felleisen, Matthias},
  booktitle={ACM SIGPLAN Notices},
  year={2002},
}
@article{wand1979fixed,
  title={Fixed-point constructions in order-enriched categories},
  author={Wand, Mitchell},
  journal={Theoretical Computer Science},
  year={1979},
}

@article{pitts1996relational,
  title={Relational properties of domains},
  author={Pitts, Andrew M},
  journal={Information and computation},
  year={1996},
}
@article{smyth1982category,
  title={The category-theoretic solution of recursive domain equations},
  author={Smyth, Michael B and Plotkin, Gordon D},
  journal={SIAM Journal on Computing},
  year={1982},
}
@article{appel2001indexed,
  title={An indexed model of recursive types for foundational proof-carrying code},
  author={Appel, Andrew W and McAllester, David},
  journal={ACM Transactions on Programming Languages and Systems (TOPLAS)},
  year={2001},
}
@phdthesis{ahmed2004semantics,
  title={Semantics of types for mutable state},
  author={Ahmed, Amal J},
  year={2004}
}
@article{plotkin1977lcf,
  title={LCF considered as a programming language},
  author={Plotkin, Gordon D.},
  journal={Theoretical computer science},
  year={1977},
}

@Inbook{Longley2003,
author="Longley, John R.",
editor="Zhang, G. Q.
and Lawson, J.
and Liu, Y.-M.
and Luo, M.-K.",
title="Universal Types and What They are Good For",
bookTitle="Domain Theory, Logic and Computation: Proceedings of the 2nd International Symposium on Domain Theory, Sichuan, China, October 2001",
}
@article{hayashi1985adjunction,
  title={Adjunction of semifunctors: categorical structures in nonextensional lambda calculus},
  author={Hayashi, Susumu},
  journal={Theoretical computer science},
  year={1985},
}
@article{lawvere1969adjointness,
  title={Adjointness in foundations},
  author={Lawvere, F William},
  journal={dialectica},
  volume={23},
  number={3-4},
  pages={281--296},
  year={1969},
}

@incollection{lambek1972deductive,
  title={Deductive systems and categories III. Cartesian closed categories, intuitionist propositional calculus, and combinatory logic},
  author={Lambek, Joachim},
  booktitle={Toposes, algebraic geometry and logic},
  year={1972},
}
@article{lambek68deductive,
  author    = {Joachim Lambek},
  title     = {Deductive Systems and Categories I. Syntactic Calculus and Residuated
               Categories},
  journal   = {Mathematical Systems Theory},
  volume    = {2},
  number    = {4},
  year      = {1968},
}
@article{lambek69deductive,
  title={Deductive systems and categories II. Standard constructions and closed categories},
  author={Lambek, Joachim},
  journal={Category theory, homology theory and their applications I},
  year={1969},
}