@article{cgt-ieee-1989,
  author = {Stefano Ceri and Georg Gottlob and Letizia Tanca},
  title = {What You Always Wanted to Know About {D}atalog
           (And Never Dared to Ask)},
  journal = {{IEEE} Transactions on Knowledge and Data Engineering},
  volume = {1},
  number = {1},
  year = {1989},
  pages = {146 -- 166},
  url = {http://ieeexplore.ieee.org/iel3/69/1663/00043410.pdf}
}
@inproceedings{a-tagt-1994,
  author = {Uwe AÃŸmann},
  title = {On Edge Addition Rewrite Systems And their Relevance
           to Program Analysis},
  booktitle = {TAGT},
  pages = {321 -- 335},
  year = {1994}
}
@inproceedings{wl-pldi-2004,
  author = {John Whaley and Monica S. Lam},
  title = {Cloning-Based Context-Sensitive Pointer Alias Analysis Using Binary Decision Diagrams},
  booktitle = {PLDI},
  year = {2004}
}
@inproceedings{lwlmacu-pods-2005,
  author = {Monica S. Lam and John Whaley and V. Benjamin Livshits
            and Michael C. Martin and Dzintars Avots
            and Michael Carbin and Christopher Unkel},
  title = {Context Sensitive Program Analysis as Database Queries},
  booktitle = {PODS},
  pages = {1 -- 12},
  year = {2005}
}
@inproceedings{bs-oopsla-2009,
  author = {Martin Bravenboer and Yannis Smaragdakis},
  title = {Strictly Declarative Specification of Sophisticated
           Points-To Analyses},
  booktitle = {OOPSLA},
  pages = {243 -- 262},
  year = {2009}
}
@inproceedings{myl-pldi-2016,
  author = {Magnus Madsen and Ming-Ho Yee and Ond{\v{r}}ej Lhot{\'a}k},
  title = {From {D}atalog to {\sc {F}lix}: A Declarative Language for Fixed Points on Lattices},
  booktitle = {PLDI},
  year = {2016}
}
@inproceedings{ak-icfp-2016,
  author = {Michael Arntzenius and Neelakantan R. Krishnaswami},
  title = {{D}atafun: a functional {D}atalog},
  booktitle = {ICFP},
  year = {2016}
}
@inproceedings{acgkopvw-sigmod-2015,
  author = {Molham Aref and Balder ten Cate and Todd J. Green and Benny Kimelfeld
            and Dan Olteanu and Emir Pasalic and Todd L. Veldhuizen and Geoffrey Washburn},
  title = {Design and Implementation of the {L}ogic{B}lox System},
  booktitle = {SIGMOD},
  year = {2015}
}
@inproceedings{r-ald-1994,
  author = {Thomas Reps},
  title = {Demand Interprocedural Program Analysis Using Logic Databases},
  booktitle = {CC},
  year = {1994}
}
@inproceedings{rsss-sigmod-1993,
  author = {Raghu Ramakrishnan and Divesh Srivastava and S. Sudarshan and Praveen Seshadri},
  title = {Implementation of the {CORAL} deductive database system},
  booktitle = {SIGMOD},
  year = {1993}
}
@article{c-cacm-1970,
  author = {E.F. Codd},
  title = {A Relational Model of Data for Large Shared Data Banks},
  booktitle = {Communications of the {ACM}},
  volume = {13},
  number = {6},
  year = {1970}
}
@techreport{c-tr-1973,
  title={Un systeme de communication homme-machine en francais},
  author={Colmerauer, Alain and Kanoui, Henri and Pasero, Robert and Roussel, Philippe},
  year={1973},
  institution={Research Report, Groupe Intelligence Artificielle, Universite Aix-Marseille II, France}
}
@article{vk-jacm-1976,
  title={The semantics of predicate logic as a programming language},
  author={Van Emden, Maarten H and Kowalski, Robert A},
  journal={Journal of the ACM (JACM)},
  volume={23},
  number={4},
  pages={733--742},
  year={1976}
}
@article{gmn-csur-1984,
title={Logic and databases: A deductive approach},
author={Gallaire, Herve and Minker, Jack and Nicolas, Jean-Marie},
journal={ACM Computing Surveys (CSUR)},
volume={16},
number={2},
pages={153--185},
year={1984},
publisher={ACM}
}
@article{m-lfca-1999,
title={Logic and databases: past, present, and future},
author={Minker, Jack},
booktitle={{AI} Magazine},
volume={18},
number={3},
pages={21--48},
year={1999}
}
@inproceedings{s-popl-1995,
  title={Points-to Analysis in Almost Linear Time},
  author={Bjarne Steensgaard},
  booktitle={POPL},
  year={1995}
}
@article{a-ieee-1978,
title={Binary decision diagrams},
author={Akers, Sheldon B.},
journal={IEEE Trans. Computers},
volume={27},
number={6},
pages={509--516},
year={1978}
}
@inproceedings{bghkmbdffghhjlmpsvvw-oopsla-2006,
title={The {D}a{C}apo benchmarks: {J}ava benchmarking development and analysis},
author={Blackburn, Stephen M and Garner, Robin and Hoffmann, Chris and Khang, Asjad M
       and McKinley, Kathryn S and Bentzur, Rotem and Diwan, Amer and Feinberg, Daniel
       and Frampton, Daniel and Guyer, Samuel Z and Hirzel, Martin and Hosking, Anthony
       and Jump, Maria and Lee, Han and Moss, J. Eliot B. and Phansalkar, Aashish
       and Stefanovi\'{c}, Darko and VanDrunen, Thomas and von Dincklage, Daniel
       and Wiedermann, Ben},
booktitle={OOPSLA},
year={2006}
}
@article{lh-tosem-2008,
  title={Evaluating the benefits of context-sensitive points-to analysis using a {BDD}-based implementation},
  author={Ond\v{r}ej Lhot\'{a}k and Laurie Hendren},
  journal={TOSEM},
  volume={18},
  number={1},
  year={2008}
}
@inproceedings{al-ecoop-2013,
  title={\textsc{Averroes}: Whole-Program Analysis without the Whole Program},
  author={Karim Ali and Ond\v{r}ej Lhot\'{a}k},
  booktitle={ECOOP},
  year={2013}
}
@inproceedings{ckg-popl-2017,
  title={Type Systems as Macros},
  author = {Stephen Chang and Alex Knauth and Ben Greenman},
  booktitle={POPL},
  year={2017}
}
@inproceedings{degv-csur-2001,
  title={Complexity and Expressive Power of Logic Programming},
  author={E. Dantsin and T. Eiter and G. Gottlob and A. Voronkov},
  booktitle={CSUR},
  year={2001}
}
@inproceedings{sbl-popl-2011,
  title={Pick Your Contexts Well: Understanding Object-Sensitivity},
  author={Yannis Smaragdakis and Martin Bravenboer and Ond\v{r}ej Lhot\'{a}k},
  booktitle={POPL},
  year={2011}
}
